@book{folland1999real,
  author    = {Folland, Gerald B},
  publisher = {John Wiley \& Sons},
  title     = {Real analysis: modern techniques and their applications},
  volume    = {40},
  year      = {1999}
}