@online {bellnumber,
   author = {Eric W. Weisstein},
   publisher = {MathWorld--A Wolfram Web Resource. },
   title = {"Bell Number." },
   url = {https://mathworld.wolfram.com/BellNumber.html},
}

@MISC {2304794,
    TITLE = {},
    AUTHOR = {Kenny Wong (https://math.stackexchange.com/users/301805/kenny-wong)},
    HOWPUBLISHED = {Mathematics Stack Exchange},
    URL = {https://math.stackexchange.com/q/2304794}
}

@MISC {ababab,
    TITLE = {The Completion of a Measure Space},
    AUTHOR = {},
    HOWPUBLISHED = {Mathonline},
    URL = {http://mathonline.wikidot.com/the-completion-of-a-measure-space}
}

@book{stein2009real,
  title={Real analysis},
  author={Stein, Elias M and Shakarchi, Rami},
  year={2009},
  publisher={Princeton University Press}
}

@article{teschl1998topics,
  title={Topics in linear and nonlinear functional analysis},
  author={Teschl, Gerald},
  journal={Graduate Studies in Mathematics, American Mathematical Society, Providence, RI. to appear},
  year={1998}
}

@book{axler2020measure,
  title={Measure, integration \& real analysis},
  author={Axler, Sheldon},
  year={2020},
  publisher={Springer Nature}
}