@online {bellnumber,
   author = {Eric W. Weisstein},
   publisher = {MathWorld--A Wolfram Web Resource. },
   title = {"Bell Number." },
   url = {https://mathworld.wolfram.com/BellNumber.html},
}

@MISC {2304794,
    TITLE = {},
    AUTHOR = {Kenny Wong (https://math.stackexchange.com/users/301805/kenny-wong)},
    HOWPUBLISHED = {Mathematics Stack Exchange},
    URL = {https://math.stackexchange.com/q/2304794}
}